<record><leader>00000cas a2200000 a 4500</leader><controlfield tag="001">12544708</controlfield><controlfield tag="008">850913d19081965ksuwr ne      0    0eng d</controlfield><datafield ind1=" " ind2=" " tag="010"><subfield code="a">sn 85029740 </subfield></datafield><datafield ind1=" " ind2=" " tag="040"><subfield code="a">KSH</subfield><subfield code="b">eng</subfield><subfield code="c">KSH</subfield><subfield code="d">NPT</subfield><subfield code="d">OCL</subfield><subfield code="d">OCLCQ</subfield></datafield><datafield ind1=" " ind2=" " tag="042"><subfield code="a">msc</subfield></datafield><datafield ind1="0" ind2="0" tag="245"><subfield code="a">Lucas independent.</subfield></datafield><datafield ind1=" " ind2=" " tag="260"><subfield code="a">Lucas, Kan. :</subfield><subfield code="b">Barr &amp; Deeble,</subfield><subfield code="c">1908-1965.</subfield></datafield><datafield ind1=" " ind2=" " tag="300"><subfield code="a">57 v. :</subfield><subfield code="b">ill. ;</subfield><subfield code="c">50-58 cm.</subfield></datafield><datafield ind1=" " ind2=" " tag="310"><subfield code="a">Weekly</subfield></datafield><datafield ind1="0" ind2=" " tag="362"><subfield code="a">Vol. 1, no. 1 (Nov. 12, 1908)-no. 15 (Dec. 29, 1965).</subfield></datafield><datafield ind1=" " ind2=" " tag="500"><subfield code="a">Publisher varies.</subfield></datafield><datafield ind1=" " ind2=" " tag="752"><subfield code="a">United States</subfield><subfield code="b">Kansas</subfield><subfield code="c">Russell</subfield><subfield code="d">Lucas.</subfield></datafield><datafield ind1="0" ind2="7" tag="785"><subfield code="t">Sylvan Grove news</subfield><subfield code="w">(OCoLC)11693434</subfield></datafield><datafield ind1="0" ind2="7" tag="785"><subfield code="t">Lucas-Sylvan news</subfield><subfield code="w">(DLC)sn 85029745</subfield></datafield><datafield ind1="1" ind2=" " tag="029"><subfield code="a">AU@</subfield><subfield code="b">000022172260</subfield></datafield></record>